<?xml version="1.0" encoding="UTF-8"?>
<collection xmlns="http://www.loc.gov/MARC21/slim" xmlns:xsi="http://www.w3.org/2001/XMLSchema-instance" xsi:schemaLocation="http://www.loc.gov/MARC21/slim
http://www.loc.gov/standards/marcxml/schema/MARC21slim.xsd">
	<record>
		<leader>00669cz   2200169n  4500</leader>
		<controlfield tag="001">sh 00005894 </controlfield>
		<controlfield tag="003">DLC</controlfield>
		<controlfield tag="005">20010905102058.0</controlfield>
		<controlfield tag="008">000411i| dnannbaba          |a ana      </controlfield>
		<datafield tag="010" ind1=" " ind2=" ">
			<subfield code="a">sh 00005894 </subfield>
		</datafield>
		<datafield tag="040" ind1=" " ind2=" ">
			<subfield code="a">IEN</subfield>
			<subfield code="b">eng</subfield>
			<subfield code="c">DLC</subfield>
		</datafield>
		<datafield tag="073" ind1=" " ind2=" ">
			<subfield code="a">H 1095</subfield>
			<subfield code="a">H 1105</subfield>
			<subfield code="a">H 1153</subfield>
			<subfield code="a">H 1159</subfield>
			<subfield code="z">lcsh</subfield>
		</datafield>
		<datafield tag="180" ind1=" " ind2=" ">
			<subfield code="x">Inventory control</subfield>
		</datafield>
		<datafield tag="480" ind1=" " ind2=" ">
			<subfield code="x">Control, Inventory</subfield>
		</datafield>
		<datafield tag="667" ind1=" " ind2=" ">
			<subfield code="a">Further subdivide geographically only under types of industries, organizations, and facilities.</subfield>
		</datafield>
		<datafield tag="680" ind1=" " ind2=" ">
			<subfield code="i">Use as a topical subdivision under names of individual corporate bodies, military services, and types of industries, organizations, and facilities.</subfield>
		</datafield>
		<datafield tag="681" ind1=" " ind2=" ">
			<subfield code="i">Reference under the heading</subfield>
			<subfield code="a">Inventory control</subfield>
		</datafield>
	</record>
	<record>
		<leader>01059cz   2200229n  4500</leader>
		<controlfield tag="001">sh 85014644 </controlfield>
		<controlfield tag="003">DLC</controlfield>
		<controlfield tag="005">20010904152614.0</controlfield>
		<controlfield tag="008">010724i| anannbabn          |a ana      </controlfield>
		<datafield tag="010" ind1=" " ind2=" ">
			<subfield code="a">sh 85014644 </subfield>
		</datafield>
		<datafield tag="040" ind1=" " ind2=" ">
			<subfield code="a">DLC</subfield>
			<subfield code="c">DLC</subfield>
			<subfield code="d">DLC</subfield>
			<subfield code="d">WaU</subfield>
		</datafield>
		<datafield tag="053" ind1=" " ind2="0">
			<subfield code="a">QL696.F32</subfield>
			<subfield code="c">Zoology</subfield>
		</datafield>
		<datafield tag="150" ind1=" " ind2=" ">
			<subfield code="a">Black-shouldered kite</subfield>
		</datafield>
		<datafield tag="450" ind1=" " ind2=" ">
			<subfield code="a">Black-shouldered hawk</subfield>
		</datafield>
		<datafield tag="450" ind1=" " ind2=" ">
			<subfield code="w">nne</subfield>
			<subfield code="a">Black-winged kite</subfield>
		</datafield>
		<datafield tag="450" ind1=" " ind2=" ">
			<subfield code="a">Elanus caeruleus</subfield>
		</datafield>
		<datafield tag="450" ind1=" " ind2=" ">
			<subfield code="a">Kite, Black-shouldered</subfield>
		</datafield>
		<datafield tag="550" ind1=" " ind2=" ">
			<subfield code="w">g</subfield>
			<subfield code="a">Elanus</subfield>
		</datafield>
		<datafield tag="670" ind1=" " ind2=" ">
			<subfield code="a">Faanes, C.A. Habitat suitability index models. Black-shouldered kite, 1987:</subfield>
			<subfield code="b">p. 1 (Elanus caeruleus)</subfield>
		</datafield>
		<datafield tag="670" ind1=" " ind2=" ">
			<subfield code="a">ITIS, July 24, 2001</subfield>
			<subfield code="b">(Elanus caeruleus. Vernacular name: black-shouldered kite)</subfield>
		</datafield>
		<datafield tag="670" ind1=" " ind2=" ">
			<subfield code="a">Banks, R.C. Obsolete English names of North American birds and their modern equivalents, via WWW, July 24, 2001</subfield>
			<subfield code="b">(old names: hawk, black-shouldered; kite, white-tailed; current name: kite, black-shouldered; sci. name: Elanus caeruleus)</subfield>
		</datafield>
		<datafield tag="670" ind1=" " ind2=" ">
			<subfield code="a">The Sibley-Monroe classification of the world's birds, via WWW, July 24, 2001</subfield>
			<subfield code="b">(Elanus caeruleus, Black-winged Kite)</subfield>
		</datafield>
	</record>