
	<record>
		<leader>00292cz   2200121n  4500</leader>
		<controlfield tag="001">sh 85017490 </controlfield>
		<controlfield tag="003">DLC</controlfield>
		<controlfield tag="005">20010905120454.0</controlfield>
		<controlfield tag="008">010820i| anannbabn          |n ana      </controlfield>
		<datafield tag="010" ind1=" " ind2=" ">
			<subfield code="a">sh 85017490 </subfield>
		</datafield>
		<datafield tag="040" ind1=" " ind2=" ">
			<subfield code="a">DLC</subfield>
			<subfield code="c">DLC</subfield>
			<subfield code="d">DLC</subfield>
		</datafield>
		<datafield tag="053" ind1=" " ind2="0">
			<subfield code="a">BQ1126</subfield>
			<subfield code="b">BQ1129</subfield>
		</datafield>
		<datafield tag="150" ind1=" " ind2=" ">
			<subfield code="a">Buddhism</subfield>
			<subfield code="x">Sacred books</subfield>
			<subfield code="x">Preservation</subfield>
		</datafield>
	</record>