
	<record>
		<leader>00627cz   2200169n  4500</leader>
		<controlfield tag="001">sh 85024268 </controlfield>
		<controlfield tag="003">DLC</controlfield>
		<controlfield tag="005">20010904173144.0</controlfield>
		<controlfield tag="008">010813i| anannbabn          |a ana      </controlfield>
		<datafield tag="010" ind1=" " ind2=" ">
			<subfield code="a">sh 85024268 </subfield>
		</datafield>
		<datafield tag="040" ind1=" " ind2=" ">
			<subfield code="a">DLC</subfield>
			<subfield code="c">DLC</subfield>
			<subfield code="d">DLC</subfield>
		</datafield>
		<datafield tag="150" ind1=" " ind2=" ">
			<subfield code="a">Malaysian drama (Chinese)</subfield>
		</datafield>
		<datafield tag="450" ind1=" " ind2=" ">
			<subfield code="w">nne</subfield>
			<subfield code="a">Chinese drama</subfield>
			<subfield code="z">Malaysia</subfield>
		</datafield>
		<datafield tag="450" ind1=" " ind2=" ">
			<subfield code="w">nne</subfield>
			<subfield code="a">Chinese drama</subfield>
			<subfield code="x">Malaysian authors</subfield>
		</datafield>
		<datafield tag="550" ind1=" " ind2=" ">
			<subfield code="w">g</subfield>
			<subfield code="a">Malaysian literature (Chinese)</subfield>
		</datafield>
		<datafield tag="670" ind1=" " ind2=" ">
			<subfield code="a">Work cat.: Seng, Y.C. Modern Chinese drama in Malaysia (1919-1969) : its development and representative playwrights, thesis, 1993.</subfield>
		</datafield>
		<datafield tag="670" ind1=" " ind2=" ">
			<subfield code="a">Ding, C.M. Perempuan yang memecahkan cermin : drama Mahua, 1977.</subfield>
		</datafield>
	</record>