
	<record>
		<leader>01167cz   2200229n  4500</leader>
		<controlfield tag="001">sh 85028571 </controlfield>
		<controlfield tag="003">DLC</controlfield>
		<controlfield tag="005">20010904160402.0</controlfield>
		<controlfield tag="008">010723 | anannbabn          |a ana      </controlfield>
		<datafield tag="010" ind1=" " ind2=" ">
			<subfield code="a">sh 85028571 </subfield>
		</datafield>
		<datafield tag="040" ind1=" " ind2=" ">
			<subfield code="a">DLC</subfield>
			<subfield code="c">DLC</subfield>
			<subfield code="d">DLC</subfield>
		</datafield>
		<datafield tag="150" ind1=" " ind2=" ">
			<subfield code="a">Colonization</subfield>
		</datafield>
		<datafield tag="360" ind1=" " ind2=" ">
			<subfield code="i">subdivision</subfield>
			<subfield code="a">Colonization</subfield>
			<subfield code="i">under names of countries, etc., and under classes of persons and ethnic groups, e.g.</subfield>
			<subfield code="a">Africa--Colonization; African Americans--Colonization; Indians of North America--Colonization; Mennonites--Colonization</subfield>
		</datafield>
		<datafield tag="450" ind1=" " ind2=" ">
			<subfield code="a">Colonisation</subfield>
		</datafield>
		<datafield tag="550" ind1=" " ind2=" ">
			<subfield code="w">g</subfield>
			<subfield code="a">Imperialism</subfield>
		</datafield>
		<datafield tag="550" ind1=" " ind2=" ">
			<subfield code="w">g</subfield>
			<subfield code="a">Land settlement</subfield>
		</datafield>
		<datafield tag="550" ind1=" " ind2=" ">
			<subfield code="a">Colonies</subfield>
		</datafield>
		<datafield tag="550" ind1=" " ind2=" ">
			<subfield code="a">Decolonization</subfield>
		</datafield>
		<datafield tag="550" ind1=" " ind2=" ">
			<subfield code="a">Emigration and immigration</subfield>
		</datafield>
		<datafield tag="670" ind1=" " ind2=" ">
			<subfield code="a">LC database, July 23, 2001</subfield>
			<subfield code="b">(titles: colonisation)</subfield>
		</datafield>
		<datafield tag="680" ind1=" " ind2=" ">
			<subfield code="i">Here are entered works on the policy of settling immigrants or nationals in colonial areas. Works on migration from one country to another are entered under</subfield>
			<subfield code="a">Emigration and immigration.</subfield>
			<subfield code="i">Works on migration within a country are entered under</subfield>
			<subfield code="a">Migration, Internal.</subfield>
			<subfield code="i">Works on general colonial policy, including land settlement, are entered under</subfield>
			<subfield code="a">Colonies.</subfield>
		</datafield>
		<datafield tag="681" ind1=" " ind2=" ">
			<subfield code="i">Note under</subfield>
			<subfield code="a">Agricultural colonies</subfield>
		</datafield>
	</record>