
	<record>
		<leader>00330cz   2200145n  4500</leader>
		<controlfield tag="001">sh 85030622 </controlfield>
		<controlfield tag="003">DLC</controlfield>
		<controlfield tag="005">20010905124622.0</controlfield>
		<controlfield tag="008">860211i| anannbabn          |a ana      </controlfield>
		<datafield tag="010" ind1=" " ind2=" ">
			<subfield code="a">sh 85030622 </subfield>
		</datafield>
		<datafield tag="040" ind1=" " ind2=" ">
			<subfield code="a">DLC</subfield>
			<subfield code="c">DLC</subfield>
			<subfield code="d">DLC</subfield>
		</datafield>
		<datafield tag="053" ind1=" " ind2="0">
			<subfield code="a">ML42</subfield>
		</datafield>
		<datafield tag="150" ind1=" " ind2=" ">
			<subfield code="a">Concert programs</subfield>
		</datafield>
		<datafield tag="450" ind1=" " ind2=" ">
			<subfield code="w">nne</subfield>
			<subfield code="a">Concerts</subfield>
			<subfield code="v">Programs</subfield>
		</datafield>
		<datafield tag="550" ind1=" " ind2=" ">
			<subfield code="w">g</subfield>
			<subfield code="a">Programs</subfield>
		</datafield>
	</record>