
	<record>
		<leader>00655cz   2200193n  4500</leader>
		<controlfield tag="001">sh 85030804 </controlfield>
		<controlfield tag="003">DLC</controlfield>
		<controlfield tag="005">20010904160553.0</controlfield>
		<controlfield tag="008">010709i| anannbabn          |a ana      </controlfield>
		<datafield tag="010" ind1=" " ind2=" ">
			<subfield code="a">sh 85030804 </subfield>
		</datafield>
		<datafield tag="040" ind1=" " ind2=" ">
			<subfield code="a">DLC</subfield>
			<subfield code="c">DLC</subfield>
			<subfield code="d">DLC</subfield>
		</datafield>
		<datafield tag="053" ind1=" " ind2="0">
			<subfield code="a">ML458</subfield>
			<subfield code="c">History</subfield>
		</datafield>
		<datafield tag="053" ind1=" " ind2="0">
			<subfield code="a">MT85</subfield>
			<subfield code="c">Instruction</subfield>
		</datafield>
		<datafield tag="150" ind1=" " ind2=" ">
			<subfield code="a">Conducting</subfield>
		</datafield>
		<datafield tag="450" ind1=" " ind2=" ">
			<subfield code="w">nne</subfield>
			<subfield code="a">Conducting (Music)</subfield>
		</datafield>
		<datafield tag="550" ind1=" " ind2=" ">
			<subfield code="w">g</subfield>
			<subfield code="a">Music</subfield>
			<subfield code="x">Performance</subfield>
		</datafield>
		<datafield tag="670" ind1=" " ind2=" ">
			<subfield code="a">Massin. De la variation, c2000.</subfield>
		</datafield>
		<datafield tag="680" ind1=" " ind2=" ">
			<subfield code="i">Here are entered works on orchestral conducting or a combination of orchestral and choral conducting. Works on choral conducting are entered under</subfield>
			<subfield code="a">Choral conducting.</subfield>
		</datafield>
		<datafield tag="681" ind1=" " ind2=" ">
			<subfield code="i">Note under</subfield>
			<subfield code="a">Choral conducting</subfield>
		</datafield>
	</record>