
	<record>
		<leader>00842cz   2200205n  4500</leader>
		<controlfield tag="001">sh 85055232 </controlfield>
		<controlfield tag="003">DLC</controlfield>
		<controlfield tag="005">20010904172753.0</controlfield>
		<controlfield tag="008">010719i| anannbabn          |b ana      </controlfield>
		<datafield tag="010" ind1=" " ind2=" ">
			<subfield code="a">sh 85055232 </subfield>
		</datafield>
		<datafield tag="040" ind1=" " ind2=" ">
			<subfield code="a">DLC</subfield>
			<subfield code="c">DLC</subfield>
			<subfield code="d">DLC</subfield>
			<subfield code="d">WaU</subfield>
		</datafield>
		<datafield tag="053" ind1=" " ind2="0">
			<subfield code="a">QL737.R68</subfield>
			<subfield code="c">Zoology</subfield>
		</datafield>
		<datafield tag="150" ind1=" " ind2=" ">
			<subfield code="a">Glaucomys</subfield>
		</datafield>
		<datafield tag="450" ind1=" " ind2=" ">
			<subfield code="a">American flying squirrels</subfield>
		</datafield>
		<datafield tag="450" ind1=" " ind2=" ">
			<subfield code="a">New World flying squirrels</subfield>
		</datafield>
		<datafield tag="550" ind1=" " ind2=" ">
			<subfield code="w">g</subfield>
			<subfield code="a">Flying squirrels</subfield>
		</datafield>
		<datafield tag="550" ind1=" " ind2=" ">
			<subfield code="w">g</subfield>
			<subfield code="a">Sciuridae</subfield>
		</datafield>
		<datafield tag="670" ind1=" " ind2=" ">
			<subfield code="a">ITIS, July 19, 2001</subfield>
			<subfield code="b">(Glaucomys. Vernacular names: New World flying squirrels; American flying squirrels. Subfamily: Pteromyinae. Family: Sciuridae)</subfield>
		</datafield>
		<datafield tag="670" ind1=" " ind2=" ">
			<subfield code="a">Mammal species of the world, via WWW, July 19, 2001</subfield>
			<subfield code="b">(Glaucomys. Common name: American flying squirrels)</subfield>
		</datafield>
		<datafield tag="670" ind1=" " ind2=" ">
			<subfield code="a">Walker's mammals of the world, via WWW, July 19, 2001</subfield>
			<subfield code="b">(Rodentia; Sciuridae; Glaucomys: New World Flying Squirrels)</subfield>
		</datafield>
	</record>
</collection>
